% Encoding: UTF-8

@TechReport{Banerjee2015,
  author      = {Utsav Banerjee and Lisa Ho and Skanda Koppula},
  title       = {Power-Based Side-Channel Attack for AES Key Extraction on the ATMega328 Microcontroller},
  institution = {MIT},
  year        = {2015},
}

@article{shannon1949communication,
  title={Communication in the presence of noise},
  author={Shannon, Claude Elwood},
  journal={Proceedings of the IRE},
  volume={37},
  number={1},
  pages={10--21},
  year={1949},
  publisher={IEEE}
}

@article{nyquist1928certain,
  title={Certain topics in telegraph transmission theory},
  author={Nyquist, Harry},
  journal={Transactions of the American Institute of Electrical Engineers},
  volume={47},
  number={2},
  pages={617--644},
  year={1928},
  publisher={IEEE}
}

@Comment{jabref-meta: databaseType:bibtex;}
